% This file was created with JabRef 2.7.
% Encoding: Cp1252

@ARTICLE{akerkar:10,
  author = {R. Akerkar and S. Martino and H. Rue},
  title = {Implementing approximate {B}ayesian inference for survival analysis using integrated nested {L}aplace approximations},
 journal = {Preprint Statistics, {N}orwegian {U}niversity of {S}cience and {T}echnology},
 year = {2010},
 volume = {1},  
 pages = {1--38}
}

@MASTERSTHESIS{armstrong:91,
  author = {P. Armstrong},
  title = {Species patterning in the heath vegetation of the Northern Sandplain},
  school = {University of Western Australia},
  year = {1991},
  type = {Honours Thesis}
}

@ARTICLE{czado:09,
  author = {C. Czado and T. Gneiting and L. Held},
  title = {Predictive model assessment for count data},
  journal = {Biometrics},
  year = {2009},
  volume = {65},
  pages = {1254--1261}
}

@ARTICLE{eidsvik:10,
  author = {J. Eidsvik and A. O. Finley and S. Banerjee and H. Rue},
  title = {Approximate {B}ayesian inference for large spatial datasets using predictive process models},
  journal = {Technical report},
  year = {2010}
}

@BOOK{fahrmeir:01,
  author = {L. Fahrmeir and G. Tutz},
  title = {Multivariate statistical modelling based on generalized linear models},
  publisher = {2nd edn. Springer Berlin},
  year = {2001}
}


@ARTICLE{fong:10,
  author = {Y. Fong and H. Rue and J. Wakefield},
  title = {Bayesian inference for generalized linear mixed models},
  journal = {Biostatistics},
  year = {2010},
  volume = {11},
  pages = {397--412}
}

@BOOK{geisser:93,
  author = {S. Geisser},
  title = {Predictive inference: {A}n introduction},
  publisher = {Chapman \& Hall, London},
  year = {1993}
}

@ARTICLE{gneiting:07,
  author = {T. Gneiting and A. E. Raftery},
  title = {Strictly proper scoring rules, prediction and estimation},
  journal = {Journal of the Amerian Statistical Association},
  year = {2007},
  volume = {102},
  pages = {359--378}
}

@ARTICLE{held:09,
  author = {L. Held and B. Schr\"{o}dle and H. Rue},
  title = {Posterior and cross-validatory predictive checks: {A} comparison of {MCMC} and {INLA}},
  journal = {Festschrift...},
  year = {2009},
  pages = {91--110}
}

@ARTICLE{illianal:09,
  author = {J. B. Illian and J. M{\o}ller and R. P. Waagepetersen},
  title = {Hierarchical spatial point process analysis for a plant community
	with high biodiversity},
  journal = {Journal of Environmental and Ecological Statistics},
  year = {{2009}}
}

@ARTICLE{illianal:11,
  author = {J. B. Illian and S. H. S{\o}rbye and H. Rue},
  title = {A toolbox for fitting complex spatial point process mo.dels using
	integrated nested {Laplace} approximation {(INLA)}},
  journal = {Annals of Applied Statistics},
  year = {2012},
  volume = {6},
  pages = {1499--1530}
}

@ARTICLE{illianal-b:12,
  author = {J. B. Illian and S. H. S{\o}rbye and  H. Rue and D. K. Hendrichsen},
  title = {Fitting a log {G}aussian {C}ox process with temporally varying effects--a case study},
  journal = {Journal of Environmental Statistics},
  year = {2012},
  volume = {3},
  pages = {1--29}
}


@ARTICLE{laurinial:11,
  author = {M. P. Laurini and M. K. Hotta},
  title = {Forecasting the term structure of interest rates using integrated nested {L}aplace approximations},
  journal = {Technical report},
  year = {2011}
}

@ARTICLE{lindgren:11,
  author = {F. Lindgren and H. Rue and J. Lindstr\"{o}m},
  title = {An explicit link between {G}aussian fields and {G}aussian {M}arkov
	random fields: the stochastic partial differential equation approach},
  journal = {Journal of the Royal Statistical Society, Ser. B},
  year = {2011},
  volume = {73},
  pages = {423--498}
}


@ARTICLE{martinoal:11,
  author = {S. Martino and K. Aas and O. Lindqvist and L. Neef and H. Rue},
  title = {Estimating stochastic volatility models using integrated nested Laplace approximations},
  journal = {European Journal of Finance},
  year = {2011},
  volume = {17},
  pages = {487--503}
}

@ARTICLE{martinoalb:11,
  author = {S. Martino and R. Akerkar and H. Rue},
  title = {Approximate Bayesian inference for survival models},
  journal = {Scandinavian Journal of Statistics},
  year = {2011},
  volume = {38},
  pages = {514--528}
}

@ARTICLE{moelleral:98,
  author = {J. M{\o}ller and A. R. Syversveen and R. P. Waagepetersen},
  title = {Log {G}aussian {C}ox processes},
  journal = {Scandinavian Journal of Statistics},
  year = {1998},
  volume = {25},
  pages = {451-482}
}

@INCOLLECTION{moelal:02,
  author = {J. M{\o}ller and R. P. Waagepetersen},
  title = {An introduction to simulation-based inference for spatial point processes},
  booktitle = {Lecture Notes in Statistics 137},
  publisher = {Springer-Verlag, New York},
  year = {2003},
  editor = {J. M{\o}ller},
  pages = {143-198}
}

@ARTICLE{moelleral:07,
  author = {M{\o}ller, J. and Waagepetersen, R. P.},
  title = {Modern statistics for spatial point processes (with discussion)},
  journal = {Scandinavian Journal of Statistics},
  year = {2007},
  volume = {34},
  pages = {643-711},
  owner = {rwt089},
  timestamp = {2010.03.30}
}

@BOOK{moeller:03,
  title = {Statistical Inference and Simulation for Spatial Point Processes},
  publisher = {Chapman \& Hall/CRC, Boca Raton},
  year = {2004},
  author = {J. M{\o}ller and R. P. Waagepetersen}
}

@ARTICLE{papoila:13,
  author = {A. L. Papoila and A. Riebler and A. Amaral-Turkman and R. S{\~a}o-Jo{\~a}o and C. Ribeiro and C. Geraldes and A. Miranda},
  title = {Stomach cancer incidence in {S}outhern {P}ortugal 1998-2006: a spatio-temporal analysis},
  journal = {Biometrical Journal (under revision)},
  year = {2013}
  }


@ARTICLE{pettit:90,
  author = {L. I. Pettit},
  title = {The conditional predictive ordinate for the normal distribution},
  journal = {Journal of the Royal Statistical Society: Series B},
  year = {1990},
  volume = {52},
  pages = {175--184}
}

@BOOK{rueheld:05,
  title = {Gaussian Markov Random Fields},
  publisher = {Chapman \& Hall/CRC, Boca Raton},
  year = {2005},
  author = {H. Rue and L. Held},
  owner = {cdm},
  timestamp = {2009.07.29}
}

@ARTICLE{rueal:07,
  author = {H. Rue and S. Martino},
  title = {Approximate {B}ayesian inference for hierarchical Gaussian Markov random field models},
  journal = {Journal of Statistical Planning and Inference},
  year = {2007},
  volume = {137},
  pages = {3177--3192}
}

@ARTICLE{rueal:09,
  author = {H. Rue and S. Martino and N. Chopin},
  title = {Approximate {B}ayesian inference for latent {G}aussian models by
	using integrated nested {L}aplace approximations (with discussion)},
  journal = {Journal of the Royal Statistical Society,  Ser. B},
  year = {2009},
  volume = {71},
  pages = {319--392}
}


@ARTICLE{ruizal:11,
  author = {R. Ruiz-Cardenas and E. T. Krainski and H. Rue},
  title = {Fitting dynamic models using integrated nested {L}aplace approximations - {INLA}},
  journal = {Technical report},
  year = {2011}
}


@ARTICLE{schrodle:11,
  author = {B. Schr\"{o}dle and L. Held},
  title = {A primer on disease mapping and ecological regression using {INLA}},
  journal = {Computational Statistics},
  year = {2011},
  volume = {26},
  pages = {241--258}
}

@ARTICLE{schreeg:10,
  author = {L. A. Schreeg and W. J. Kress and D. L. Erickson and N. G. Swenson},
  title = {Phylogenetic Analysis of Local-Scale Tree Soil Associations in a Lowland Moist Tropical Forest},
  journal = {PLoS ONE},
  year = {2010},
  volume = {5},
  pages = {1--10}
}

@ARTICLE{simpsonal:11,
  author = {D. Simpson and J. Illian and F. Lindgren and S. H. S{\o}rbye and H. Rue},
  title = {Going off grid: Computationally efficient inference for log-{G}aussian {C}ox processes},
  journal = {Preprint Statistics, {N}orwegian {U}niversiy of {S}cience and {T}echnology},
  year = {2011},
   volume = {10},  
   pages = {1--20}
}

@ARTICLE{spiegelhalter:02,
  author = {D. J. Spiegelhalter and N. G. Best and B. P. Carlin and A. Van der
	Linde A},
  title = {Bayesian Measures of Model Complexity and Fit (with Discussion)},
  journal = {Journal of the Royal Statistical Society, Series B},
  year = {2002},
  volume = {64},
  pages = {583--616}
}

@ARTICLE{steffanal:02,
  author = {I. Steffan-Dewenter and U. M\"{u}nzenberg and C. Thies and T. Tscharntke},
  title = {Scale dependent effects of landscape context on three pollinator guilds},
  journal = {Ecology},
  year = {2002},
  volume = {83},
  pages = {1421-1432}
}

@ARTICLE{sorbye:13,
  author = {S. H. S{\o}rbye and H. Rue},
  title = {Scaling intrinsic {G}aussian {M}arkov random field priors in spatial modelling},
  journal = {Spatial Statistics},
  year = {2013},
  volume = {http://dx.doi.org/10.1016/j.spasta.2013.06.004}
}


@ARTICLE{tierney:86,
  author = {L. Tierney and J. B. Kadane},
  title = {Accurate approximations for posterior moments andmarginal densities},
  journal = {Journal of the American Statistical Association},
  year = {1986},
  volume = {77},
  pages = {93--100}
}


