@article{knorrHeld-rainer-2001,
  title={{Projections of lung cancer mortality in West Germany: a case study in Bayesian prediction}},
  author={Knorr-Held, Leonhard and Rainer, Evi},
  journal={Biostatistics},
  volume={2},
  number={1},
  pages={109--129},
  year={2001},
  publisher={Biometrika Trust}
}
