@book{legendre1805nouvelles,
  title={{Nouvelles m{\'e}thodes pour la d{\'e}termination des orbites des cometes}},
  author={Legendre, A.M.},
  year={1805},
  publisher={F. Didot}
}

@book{kolmogorov1933grundbegriffe,
  title={{Grundbegriffe der Wahrscheinlichkeitsrechnung}},
  author={Kolmogorov, A.N.},
  publisher={Springer-Verlag, Berlin},
  year={1933}
}


@book{rice1945mathematical,
  title={{Mathematical analysis of random noise}},
  author={Rice, S.O.},
  year={1945},
  publisher={American Telephone and Telegraph Co.}
}

@book{doob1953stochastic,
  title={{Stochastic processes}},
  author={Doob, J.L.},
  volume={101},
  year={1953},
  publisher={New York}
}

@book{fisher1956statistical,
  title={{Statistical methods and scientific inference}},
  author={Fisher, R.A.},
  year={1956},
  publisher={Oliver and Boyd London}
}

@book{koreyaar1968mathematical,
  title={{Mathematical Methods, Vol. 1}},
  author={Koreyaar, J.},
  year={1968},
  publisher={Academic Press, New York}
}

@book{Lang1969analysis,
  title={{Analysis I}},
  author={Lang, S.},
  year={1969},
  publisher={Addison-Wesley Publishing Company}
}

@book{box1970time,
  title={{Time series analysis: forecasting and control}},
  author={Box, G.E.P. and Jenkins, G.M. and Reinsel, G.C.},
  year={1970},
  publisher={Holden-day San Francisco}
}

@book{jazwinski1970stochastic,
  title={{Stochastic processes and filtering theory}},
  author={Jazwinski, A.H.},
  year={1970},
  publisher={Academic Pr}
}

@book{lindley1972bayesian,
  title={{Bayesian statistics, a review}},
  author={Lindley, D.V.},
  year={1972},
  publisher={Society for Industrial Mathematics}
}

@article{blackwell1973ferguson,
  title={Ferguson distributions via P{\'o}lya urn schemes},
  author={Blackwell, D. and MacQueen, J.B.},
  journal={The annals of statistics},
  volume={1},
  number={2},
  pages={353--355},
  year={1973},
  publisher={JSTOR}
}

@book{definetti1974prob,
  title={{Theory of Probability. Vol. 1.}},
  author={de Finetti, B.},
  year={1974},
  publisher={Wiley, New York}
}

@book{definetti1975prob,
  title={{Theory of Probability. Vol. 2.}},
  author={de Finetti, B.},
  year={1975},
  publisher={Wiley, New York}
}

@book{nevelson1976stochastic,
  title={{Stochastic approximation and recursive estimation}},
  author={Nevelson, M.B. and Hasminskii, R.Z.},
  isbn={0821809067},
  year={1976},
  publisher={Amer Mathematical Society}
}

@book{anderson1979optimal,
  title={{Optimal filtering}},
  author={Anderson, B.D.O. and Moore, J.B. and Barratt, J.},
  year={1979},
  publisher={Prentice-Hall Englewood Cliffs, NJ}
}

@book{ibragimov1981statistical,
  title={{Statistical estimation--asymptotic theory}},
  author={Ibragimov, I.A. and Has' Minskii},
  year={1981},
  publisher={Springer}
}

@book{press1982applied,
  title={{Applied multivariate analysis: using Bayesian and frequentist methods of inference}},
  author={Press, SJ},
  year={1982},
  publisher={Malabar, FL (EUA)}
}

@book{dobson1983introduction,
  title={{Introduction to statistical modelling}},
  author={Dobson, A.J.},
  year={1983},
  publisher={Chapman \& Hall}
}

@book{lindley1985making,
  title={{Making decisions}},
  author={Lindley, D.V.},
  year={1985},
  publisher={Wiley-Interscience. London, GB; New York, NY, USA}
}

@book{stigler1986history,
  title={{The history of statistics: The measurement of uncertainty before 1900}},
  author={Stigler, S.M.},
  year={1986},
  publisher={Belknap Press}
}

@book{maccullagh1991generalized,
  title={{Generalized linear models}},
  author={MacCullagh, P.J. and Nelder, J.A.},
  year={1991},
  publisher={Chapman \& Hall}
}

@book{cressie1993statistics,
  title={{Statistics for spatial data}},
  author={Cressie, N.A.C.},
  year={1993},
  publisher={New York, Wiley}
}

@book{karr1993probability,
  title={{Probability}},
  author={Karr, A.F.},
  year={1993},
  publisher={Springer-Verlag}
}

@book{schervish1995theory,
  title={{Theory of statistics}},
  author={Schervish, M.J.},
  year={1995},
  publisher={Springer}
}

@book{gilks1996markov,
  title={{Markov chain Monte Carlo in practice}},
  author={Gilks, W.R. and Gilks, W.R. and Richardson, S. and Spiegelhalter, D.J.},
  year={1996},
  publisher={Chapman \& Hall/CRC}
}

@book{campbell1997econometrics,
  title={{The econometrics of financial markets}},
  author={Campbell, J.Y. and Lo, A.W. and MacKinlay, A.C. and Whitelaw, R.F.},
  volume={611},
  year={1997},
  publisher={princeton University press Princeton, NJ}
}

@book{west1997bayesian,
  title={{Bayesian forecasting and dynamic models}},
  author={West, M. and Harrison, J.},
  year={1997},
  publisher={Springer Verlag}
}

@book{jeffreys1998theory,
  title={{Theory of probability}},
  author={Jeffreys, S.H.},
  year={1961},
  publisher={Oxford University Press, USA}
}

@book{congdon2001bayesian,
  title={{Bayesian statistical modelling}},
  author={Congdon, P. and Congdon, P.},
  year={2001},
  publisher={Wiley Chichester}
}

@book{doucet2001sequential,
  title={{Sequential Monte Carlo methods in practice}},
  author={Doucet, A. and De Freitas, N. and Gordon, N.},
  year={2001},
  publisher={Springer Verlag}
}

@book{ibrahim2001bayesian,
  title={{Bayesian survival analysis}},
  author={Ibrahim, J.G. and Chen, M.H. and Sinha, D.},
  year={2001},
  publisher={Springer}
}

@book{casella2002statistical,
  title={{Statistical inference}},
  author={Casella, G. and Berger, R.L.},
  year={2002},
  publisher={Duxbury Pacific Grove, CA}
}

@book{dobson2002introduction,
  title={An introduction to generalized linear models},
  author={Dobson, A.J.},
  year={2002},
  publisher={CRC Pr I Llc}
}

@book{saad2003iterative,
  title={{Iterative methods for sparse linear systems}},
  author={Saad, Y.},
  year={2003},
  publisher={Society for Industrial Mathematics}
}

@book{banerjee2004hierarchical,
  title={Hierarchical modeling and analysis for spatial data},
  author={Banerjee, S. and Carlin, B.P. and Gelfand, A.E.},
  volume={101},
  year={2004},
  publisher={Chapman \& Hall/CRC}
}

@book{gelman2004bayesian,
  title={{Bayesian data analysis}},
  author={Gelman, A.},
  year={2004},
  publisher={CRC press}
}

@book{robert2004monte,
  title={{Monte Carlo statistical methods}},
  author={Robert, C.P. and Casella, G.},
  year={2004},
  publisher={Springer Verlag}
}

@book{boyd2004convex,
  title={{Convex optimization}},
  author={Boyd, S.P. and Vandenberghe, L.},
  year={2004},
  publisher={Cambridge Univ Pr}
}

@book{degroot2004optimal,
  title={{Optimal statistical decisions}},
  author={DeGroot, M.H.},
  year={2004},
  publisher={Wiley-IEEE}
}

@book{lippman2005c++,
  title={{C++ Primer}},
  author={Lippman, S.B. and Lajoie, J. and Moo, B.E.},
  year={2005},
  publisher={Addison-Wesley Professional}
}

@book{rue2005gaussian,
  title={{Gaussian Markov random fields: theory and applications}},
  author={Rue, H. and Held, L.},
  year={2005},
  publisher={Chapman \& Hall}
}

@book{tsay2005analysis,
  title={{Analysis of financial time series}},
  author={Tsay, R.S.},
  isbn={0471690740},
  year={2005},
  publisher={Wiley-Interscience}
}

@book{bishop2006pattern,
  title={{Pattern recognition and machine learning}},
  author={Bishop, C.M. and others},
  year={2006},
  publisher={Springer New York:}
}

@book{gamerman2006markov,
  title={{Markov chain Monte Carlo: stochastic simulation for Bayesian inference}},
  author={Gamerman, D. and Lopes, H.F.},
  year={2006},
  publisher={Chapman \& Hall/CRC}
}

@book{robert2007bayesian,
  title={{The Bayesian choice: from decision-theoretic foundations to computational implementation}},
  author={Robert, C.P.},
  year={2007},
  publisher={Springer Verlag}
}

@book{bivand2008applied,
  title={{Applied spatial data analysis with R}},
  author={Bivand, R.S. and Gentleman, R. and Gomez-Rubio, V. and Hornik, K. and Parmigiani, G. and Pebesma, E.J.},
  year={2008},
  publisher={Springer Science+ Business Media, LLC}
}

@book{feller2009introduction,
  title={{An introduction to probability theory and its applications}},
  author={Feller, W.},
  isbn={8126518065},
  year={2009},
  publisher={Wiley-India}
}

@book{pinheiro2009mixed,
  title={Mixed-effects models in S and S-PLUS},
  author={Pinheiro, J.C. and Bates, D.M.},
  year={2009},
  publisher={Springer Verlag}
}

@book{hjort2010bayesian,
  title={Bayesian nonparametrics},
  author={Hjort, N.L.},
  year={2010},
  publisher={Cambridge University Press}
}

@book{lindgren2010stac,
  title={{Stationary Stochastic Process}},
  author={Lindgren, G. and Rootzen, H. and Sandsten, M.},
  year={2010},
  publisher={Lund University}
}

@book{lindgren2010secondstac,
  title={{A second course on stationary stochastic processes}},
  author={Lindgren, G.},
  year={2010},
  publisher={Lund University}
}

@book{Rocha2010prob,
  title={{Teoria das Probabilidades}},
  author={Rocha, N.},
  year={2010},
  publisher={Unpublished}
}

@conference{black1976studies,
  title={{Studies of stock market volatility changes}},
  author={Black, F.},
  booktitle={Proceedings of the American Statistical Association, Business and Economic Statistics Section},
  volume={177},
  pages={181},
  year={1976}
}

@article{laplace1774memoire,
  title={{M{\'e}moire sur la probabilit{\'e} des causes par les {\'e}v{\'e}nements}},
  author={Laplace, P.S.},
  journal={{\OE}uvres completes VIII, Paris},
  pages={27--65},
  year={1773}
}

@article{laplace1786naissances,
  title={Sur les naissances, les mariages et les morts à Paris depuis 1771 jusqu’en 1784, et dans toute l’{\'e}tendue de la France pendant les ann{\'e}es 1781 et 1782},
  author={Laplace, PS},
  journal={M{\'e}moires de l’Acad{\'e}mie Royale des sciences},
  pages={693--702},
  year={1786}
}

@article{jeffreys1946invariant,
  title={{An invariant form for the prior probability in estimation problems}},
  author={Jeffreys, H.},
  journal={Proceedings of the Royal Society of London. Series A, Mathematical and Physical Sciences},
  volume={186},
  number={1007},
  pages={453--461},
  year={1946},
  publisher={JSTOR}
}

@article{box1951experimental,
  title={{On the experimental attainment of optimum conditions}},
  author={Box, G.E.P. and Wilson, KB},
  journal={Journal of the Royal Statistical Society. Series B (Methodological)},
  volume={13},
  number={1},
  pages={1--45},
  year={1951},
  publisher={JSTOR}
}

@article{robbins1951stochastic,
  title={{A stochastic approximation method}},
  author={Robbins, H. and Monro, S.},
  journal={The Annals of Mathematical Statistics},
  volume={22},
  number={3},
  pages={400--407},
  issn={0003-4851},
  year={1951},
  publisher={JSTOR}
}

@article{kalman1960new,

  title={{A new approach to linear filtering and prediction problems}},
  author={Kalman, R.E.},
  journal={Journal of basic Engineering},
  volume={82},
  number={1},
  pages={35--45},
  year={1960},
  publisher={Citeseer}
}

@article{raiffa-applied,
  title={{Applied Statistical Decision Theory.}},
  author={Raiffa, H. and Schlaifer, R.},
  journal={Harvard University},
  year={1961}
}

@article{sharpe1964capital,
  title={{Capital asset prices: A theory of market equilibrium under conditions of risk}},
  author={Sharpe, W.F.},
  journal={Journal of finance},
  volume={19},
  number={3},
  pages={425--442},
  issn={0022-1082},
  year={1964},
  publisher={JSTOR}
}

@article{sorenson1968non,
  title={{Non-linear filtering by approximation of the a posteriori density}},
  author={Sorenson, HW and Stubberud, AR},
  journal={International Journal of Control},
  volume={8},
  number={1},
  pages={33--51},
  year={1968},
  publisher={Taylor \& Francis}
}

@article{handschin1969monte,
  title={{Monte Carlo techniques to estimate the conditional expectation in multi-stage non-linear filtering}},
  author={Handschin, JE and Mayne, DQ},
  journal={International journal of control},
  volume={9},
  number={5},
  pages={547--559},
  year={1969},
  publisher={Taylor \& Francis}
}

@article{jazwinski1969adaptive,
  title={{Adaptive filtering}},
  author={Jazwinski, A.H.},
  journal={Automatica},
  volume={5},
  number={4},
  pages={475--485},
  year={1969},
  publisher={Elsevier}
}

@article{bucy1971digital,
  title={{Digital synthesis of non-linear filters}},
  author={Bucy, R.S. and Senne, K.D.},
  journal={Automatica},
  volume={7},
  number={3},
  pages={287--298},
  year={1971},
  publisher={Elsevier}
}

@article{sorenson1971recursive,
  title={{Recursive Bayesian estimation using Gaussian sums}},
  author={Sorenson, H.W. and Alspach, D.L.},
  journal={Automatica},
  volume={7},
  number={4},
  pages={465--479},
  year={1971},
  publisher={Elsevier}
}

@article{cox1972regression,
  title={{Regression models and life-tables}},
  author={Cox, D.R.},
  journal={Journal of the Royal Statistical Society. Series B (Methodological)},
  volume={34},
  number={2},
  pages={187--220},
  issn={0035-9246},
  year={1972},
  publisher={JSTOR}
}

@article{nelder1972generalized,
  title={{Generalized linear models}},
  author={Nelder, J.A. and Wedderburn, R.W.M.},
  journal={Journal of the Royal Statistical Society. Series A (General)},
  volume={135},
  number={3},
  pages={370--384},
  year={1972},
  publisher={JSTOR}
}

@article{ferguson1973bayesian,
  title={A Bayesian analysis of some nonparametric problems},
  author={Ferguson, T.S.},
  journal={The annals of statistics},
  volume={1},
  number={2},
  pages={209--230},
  year={1973},
  publisher={JSTOR}
}

@article{wedderburn1974quasi,
  title={{Quasi-likelihood functions, generalized linear models, and the Gauss--Newton method}},
  author={Wedderburn, R.W.M.},
  journal={Biometrika},
  volume={61},
  number={3},
  pages={439},
  year={1974},
  publisher={Biometrika Trust}
}

@inproceedings{black1976studies,
  title={Studies of stock market volatility changes},
  author={Black, F.},
  booktitle={Proceedings of the American Statistical Association, Business and Economic Statistics Section},
  volume={177},
  pages={181},
  year={1976}
}

@article{reilly1976numerical,
  title={{The numerical computation of posterior distributions in Bayesian statistical inference}},
  author={Reilly, P.M.},
  journal={(Applied Statistics)},
  volume={25},
  number={3},
  pages={201--209},
  year={1976},
  publisher={Blackwell Publishing; Royal Statistical Society}
}

@article{stone1976strong,
  title={{Strong inconsistency from uniform priors}},
  author={Stone, M.},
  journal={Journal of the American Statistical Association},
  volume={71},
  number={353},
  pages={114--116},
  year={1976},
  publisher={JSTOR}
}

@article{clayton1978model,
  title={{A model for association in bivariate life tables and its application in epidemiological studies of familial tendency in chronic disease incidence}},
  author={Clayton, D.G.},
  journal={Biometrika},
  volume={65},
  number={1},
  pages={141},
  issn={0006-3444},
  year={1978},
  publisher={Biometrika Trust}
}

@article{diaconis1979conjugate,
  title={{Conjugate priors for exponential families}},
  author={Diaconis, P. and Ylvisaker, D.},
  journal={The Annals of statistics},
  volume={7},
  number={2},
  pages={269--281},
  year={1979},
  publisher={JSTOR}
}

@article{vaupel1979impact,
  title={{The impact of heterogeneity in individual frailty on the dynamics of mortality}},
  author={Vaupel, J.W. and Manton, K.G. and Stallard, E.},
  journal={Demography},
  volume={16},
  number={3},
  pages={439--454},
  issn={0070-3370},
  year={1979},
  publisher={Springer}
}

@article{box1980sampling,
  title={{Sampling and Bayes' inference in scientific modelling and robustness}},
  author={Box, G.E.P.},
  journal={Journal of the Royal Statistical Society. Series A (General)},
  volume={143},
  number={4},
  pages={383--430},
  year={1980},
  publisher={JSTOR}
}

@article{geweke1980interpreting,
  title={{Interpreting the likelihood ratio statistic in factor models when sample size is small}},
  author={Geweke, J.F. and Singleton, K.J.},
  journal={Journal of the American Statistical Association},
  volume={75},
  number={369},
  pages={133--137},
  year={1980},
  publisher={JSTOR}
}

@article{pregibon1980goodness,
  title={Goodness of link tests for generalized linear models},
  author={Pregibon, D.},
  journal={Applied Statistics},
  year={1980},
  publisher={JSTOR}
}

@article{dagenais1981numerical,
  title={{Numerical approximations of marginals from “well-behaved” joint posteriors}},
  author={Dagenais, M.G. and Liem, T.C.},
  journal={Journal of Statistical Computation and Simulation},
  volume={12},
  number={3},
  pages={157--173},
  year={1981},
  publisher={Taylor \& Francis}
}

@article{christie1982stochastic,
  title={{The stochastic behavior of common stock variances: Value, leverage and interest rate effects}},
  author={Christie, A.A.},
  journal={Journal of financial Economics},
  volume={10},
  number={4},
  pages={407--432},
  year={1982},
  publisher={Elsevier}
}

@article{laird1982random,
  title={Random-effects models for longitudinal data},
  author={Laird, N.M. and Ware, J.H.},
  journal={Biometrics},
  pages={963--974},
  year={1982},
  publisher={JSTOR}
}

@article{lane1982analysis,
  title={{Analysis of covariance and standardization as instances of prediction}},
  author={Lane, P.W. and Nelder, J.A.},
  journal={Biometrics},
  volume={38},
  number={3},
  pages={613--621},
  year={1982},
  publisher={JSTOR}
}

@article{naylor1982applications,
  title={{Applications of a method for the efficient computation of posterior distributions}},
  author={Naylor, JC and Smith, AFM},
  journal={(Applied Statistics)},
  volume={31},
  number={3},
  pages={214--225},
  year={1982},
  publisher={Blackwell Publishing; Royal Statistical Society}
}

@article{oakes1982model,
  title={{A model for association in bivariate survival data}},
  author={Oakes, D.},
  journal={Journal of the Royal Statistical Society. Series B (Methodological)},
  volume={44},
  number={3},
  pages={414--422},
  issn={0035-9246},
  year={1982},
  publisher={JSTOR}
}

@article{dalal1983approximating,
  title={{Approximating priors by mixtures of natural conjugate priors}},
  author={Dalal, SR and Hall, WJ},
  journal={Journal of the Royal Statistical Society. Series B (Methodological)},
  pages={278--286},
  year={1983},
  publisher={JSTOR}
}

@article{ameen1985normal,
  title={{Normal discount Bayesian models}},
  author={Ameen, JRM and Harrison, PJ},
  journal={Bayesian statistics},
  volume={2},
  number={2},
  pages={271--198},
  year={1985}
}

@article{clayton1985multivariate,
  title={{Multivariate generalizations of the proportional hazards model}},
  author={Clayton, D. and Cuzick, J.},
  journal={Journal of the Royal Statistical Society. Series A (General)},
  volume={148},
  number={2},
  pages={82--117},
  issn={0035-9238},
  year={1985},
  publisher={JSTOR}
}

@article{brown1986foundations,
  title={{Foundations of Exponential Families}},
  author={Brown, LD},
  journal={IMS Lecture Notes, Monograph Series},
  volume={9},
  year={1986}
}

@article{diaconis1986consistency,
  title={{On the consistency of Bayes estimates}},
  author={Diaconis, P. and Freedman, D.},
  journal={The Annals of Statistics},
  volume={14},
  number={1},
  pages={1--26},
  year={1986},
  publisher={JSTOR}
}

@article{tierney1986accurate,
  title={{Accurate approximations for posterior moments and marginal densities}},
  author={Tierney, L. and Kadane, J.B.},
  journal={Journal of the American Statistical Association},
  pages={82--86},
  year={1986},
  publisher={American Statistical Association}
}

@article{harrison1987practical,
  title={{Practical bayesian forecasting}},
  author={Harrison, J. and West, M.},
  journal={The Statistician},
  volume={36},
  number={2},
  pages={115--125},
  year={1987},
  publisher={JSTOR}
}

@article{hull1987pricing,
  title={{The pricing of options on assets with stochastic volatilities}},
  author={Hull, J. and White, A.},
  journal={Journal of finance},
  volume={42},
  number={2},
  pages={281--300},
  year={1987},
  publisher={JSTOR}
}

@article{kitagawa1987non,
  title={{Non-Gaussian state-space modeling of nonstationary time series}},
  author={Kitagawa, G.},
  journal={Journal of the American statistical association},
  volume={82},
  number={400},
  pages={1032--1041},
  year={1987},
  publisher={JSTOR}
}

@article{quintana1987analysis,
  title={{An analysis of international exchange rates using multivariate DLM's}},
  author={Quintana, J.M. and West, M.},
  journal={The Statistician},
  volume={36},
  number={2},
  pages={275--281},
  year={1987},
  publisher={JSTOR}
}

@article{self1987asymptotic,
  title={{Asymptotic properties of maximum likelihood estimators and likelihood ratio tests under nonstandard conditions}},
  author={Self, S.G. and Liang, K.Y.},
  journal={Journal of the American Statistical Association},
  volume={82},
  number={398},
  pages={605--610},
  year={1987},
  publisher={JSTOR}
}

@article{smith1987progress,
  title={{Progress with numerical and graphical methods for practical Bayesian statistics}},
  author={Smith, AFM and Skene, AM and Shaw, JEH and Naylor, JC},
  journal={The Statistician},
  pages={75--82},
  year={1987},
  publisher={Carfax Publishing Co.}
}

@article{wiggins1987option,
  title={{Option values under stochastic volatility: Theory and empirical evidence}},
  author={Wiggins, J.B.},
  journal={Journal of Financial Economics},
  volume={19},
  number={2},
  pages={351--372},
  year={1987},
  publisher={Elsevier}
}

@article{quintana1988time,
  title={{Time series analysis of compositional data}},
  author={Quintana, J.M. and West, M.},
  journal={Bayesian Statistics},
  volume={3},
  pages={747--756},
  year={1988}
}

@article{stukel1988generalized,
  title={Generalized logistic models},
  author={Stukel, T.A.},
  journal={Journal of the American Statistical Association},
  pages={426--431},
  year={1988},
  publisher={JSTOR}
}

@article{geweke1989bayesian,
  title={{Bayesian inference in econometric models using Monte Carlo integration}},
  author={Geweke, J.},
  journal={Econometrica: Journal of the Econometric Society},
  pages={1317--1339},
  year={1989},
  publisher={JSTOR}
}

@article{lange1989robust,
  title={Robust statistical modeling using the t distribution},
  author={Lange, K.L. and Little, R.J.A. and Taylor, J.M.G.},
  journal={Journal of the American Statistical Association},
  pages={881--896},
  year={1989},
  publisher={JSTOR}
}

@article{press1989bayesian,
  title={{Bayesian inference in factor analysis}},
  author={Press, S.J. and Shigemasu, K.},
  journal={Contributions to probability and statistics},
  pages={271--287},
  year={1989}
}

@article{schervish1989general,
  title={{A general method for comparing probability assessors}},
  author={Schervish, M.J.},
  journal={The Annals of Statistics},
  volume={17},
  number={4},
  pages={1856--1879},
  year={1989},
  publisher={JSTOR}
}

@article{tibshirani1989noninformative,
  title={{Noninformative priors for one parameter of many}},
  author={Tibshirani, R.},
  journal={Biometrika},
  volume={76},
  number={3},
  pages={604},
  year={1989},
  publisher={Biometrika Trust}
}

@article{lindley19901988,
  title={{The 1988 Wald memorial lectures: the present position in Bayesian statistics}},
  author={Lindley, D.V.},
  journal={Statistical Science},
  volume={5},
  number={1},
  pages={44--65},
  year={1990},
  publisher={JSTOR}
}

@article{gelfand1990sampling,
  title={{Sampling-based approaches to calculating marginal densities}},
  author={Gelfand, A.E. and Smith, A.F.M.},
  journal={Journal of the American statistical association},
  volume={85},
  number={410},
  pages={398--409},
  year={1990},
  publisher={American Statistical Association}
}

@article{melino1990pricing,
  title={{Pricing foreign currency options with stochastic volatility}},
  author={Melino, A. and Turnbull, S.M.},
  journal={Journal of Econometrics},
  volume={45},
  number={1-2},
  pages={239--265},
  year={1990},
  publisher={Elsevier}
}

@article{nelson1991conditional,
  title={Conditional heteroskedasticity in asset returns: a new approach},
  author={Nelson, D.B.},
  journal={Econometrica: Journal of the Econometric Society},
  pages={347--370},
  year={1991},
  publisher={JSTOR}
}

@article{berger1992development,
  title={{On the development of reference priors}},
  author={Berger, J.O. and Bernardo, J.M.},
  journal={Bayesian statistics},
  volume={4},
  pages={35--60},
  year={1992}
}

@article{quintana1992optimal,
  title={{Optimal portfolios of forward currency contracts}},
  author={Quintana, JM},
  journal={Bayesian Statistics},
  volume={4},
  pages={753--762},
  year={1992}
}

@article{george1993variable,
  title={{Variable selection via Gibbs sampling}},
  author={George, E.I. and McCulloch, R.E.},
  journal={Journal of the American Statistical Association},
  pages={881--889},
  year={1993},
  publisher={JSTOR}
}

@article{glosten1993relation,
  title={On the relation between the expected value and the volatility of the nominal excess return on stocks},
  author={Glosten, L.R. and Jagannathan, R. and Runkle, D.E.},
  journal={Journal of finance},
  pages={1779--1801},
  year={1993},
  publisher={JSTOR}
}

@article{gordon1993novel,
  title={{Novel approach to nonlinear/non-Gaussian Bayesian state estimation}},
  author={Gordon, N.J. and Salmond, D.J. and Smith, A.F.M.},
  journal={IEE Proceedings},
  volume={140},
  number={2},
  pages={107--113},
  year={1993}
}

@article{czado1994parametric,
  title={Parametric link modification of both tails in binary regression},
  author={Czado, C.},
  journal={Statistical Papers},
  volume={35},
  number={1},
  pages={189--201},
  year={1994},
  publisher={Springer}
}

@article{czado1994bayesian,
  title={Bayesian inference of binary regression models with parametric link},
  author={Czado, C.},
  journal={Journal of statistical planning and inference},
  volume={41},
  number={2},
  pages={121--140},
  year={1994},
  publisher={Elsevier}
}

@article{geweke1994bayesian,
  title={Bayesian comparison of econometric models},
  author={Geweke, J.},
  journal={Federal Reserve bank of Minneapolis working paper},
  year={1994},
  publisher={Citeseer}
}

@article{harvey1994multivariate,
  title={{Multivariate stochastic variance models}},
  author={Harvey, A. and Ruiz, E. and Shephard, N.},
  journal={The Review of Economic Studies},
  pages={247--264},
  year={1994},
  publisher={JSTOR}
}

@article{jacquier1994bayesian,
  title={{Bayesian analysis of stochastic volatility models}},
  author={Jacquier, E. and Polson, N.G. and Rossi, P.E.},
  journal={Journal of Business and Economic statistics},
  volume={20},
  number={1},
  pages={69--87},
  year={1994},
  publisher={ASA}
}

@article{putnam1994new,
  title={{New Bayesian statistical approaches to estimating and evaluating models of exchange rates determination}},
  author={Putnam, B.H. and Quintana, J.M.},
  journal={American Statistical Association 1994 Proceedings of the Section on Bayesian Statistical Science},
  pages={232},
  year={1994},
  publisher={American Statistical Association}
}

@article{shephard1994local,
  title={{Local scale models:: State space alternative to integrated GARCH processes}},
  author={Shephard, N.},
  journal={Journal of Econometrics},
  volume={60},
  number={1-2},
  pages={181--202},
  year={1994},
  publisher={Elsevier}
}

@article{uhlig1994singular,
  title={{On singular Wishart and singular multivariate beta distributions}},
  author={Uhlig, H.},
  journal={The Annals of Statistics},
  pages={395--405},
  year={1994},
  publisher={JSTOR}
}

@article{carlin1995bayesian,
  title={{Bayesian model choice via Markov chain Monte Carlo methods}},
  author={Carlin, B.P. and Chib, S.},
  journal={Journal of the Royal Statistical Society. Series B (Methodological)},
  volume={57},
  number={3},
  pages={473--484},
  year={1995},
  publisher={JSTOR}
}

@article{chib1995marginal,
  title={{Marginal Likelihood from the Gibbs Output.}},
  author={Chib, S.},
  journal={Journal of the American Statistical Association},
  volume={90},
  number={432},
  year={1995},
  publisher={American Statistical Association}
}

@article{green1995reversible,
  title={{Reversible jump Markov chain Monte Carlo computation and Bayesian model determination}},
  author={Green, P.J.},
  journal={Biometrika},
  volume={82},
  number={4},
  pages={711},
  year={1995},
  publisher={Biometrika Trust}
}

@article{jacquier1995models,
  title={{Models and priors for multivariate stochastic volatility}},
  author={Jacquier, {\'E}. and Polson, N.G. and Rossi, P.E.},
  journal={CIRANO Working Papers},
  year={1995},
  publisher={CIRANO}
}

@article{kass1995bayes,
  title={{Bayes factors.}},
  author={Kass, R.E. and Raftery, A.E.},
  journal={Journal of the American Statistical Association},
  volume={90},
  number={430},
  year={1995},
  publisher={American Statistical Association}
}

@article{koop1997bayesian,
  title={Bayesian efficiency analysis through individual effects: Hospital cost frontiers},
  author={Koop, G. and Osiewalski, J. and Steel, M.F.J.},
  journal={Journal of Econometrics},
  volume={76},
  number={1-2},
  pages={77--105},
  year={1997},
  publisher={Elsevier}
}

@article{putnam1995evolution,
  title={{The evolution of bayesian forecasting models}},
  author={Putnam, B.H. and Quintana, J.M.},
  journal={Asset Allocation: Applying Quantitative Discipline to Asset Allocation,(ed: BH Putnam), London: Global Investor, Euromoney Publications},
  pages={139--146},
  year={1995}
}

@article{geweke1996measuring,
  title={{Measuring the price of the Arbitrage Pricing Theory}},
  author={Geweke, J. and Zhou, G.},
  journal={Review of Financial Studies},
  volume={9},
  number={2},
  pages={557--587},
  year={1996},
  publisher={JSTOR}
}

@article{harvey1996estimation,
  title={{Estimation of an asymmetric stochastic volatility model for asset returns}},
  author={Harvey, A.C. and Shephard, N.},
  journal={Journal of Business \& Economic Statistics},
  volume={14},
  number={4},
  pages={429--434},
  year={1996},
  publisher={American Statistical Association}
}

@article{kass1996formal,
  title={{Formal rules for selecting prior distributions: A review and annotated bibliography}},
  author={Kass, R.E. and Wasserman, L.},
  journal={J. Amer. Statist. Assoc},
  volume={91},
  pages={343--1370},
  year={1996},
  publisher={Citeseer}
}

@article{lee1996hierarchical,
  title={Hierarchical generalized linear models},
  author={Lee, Y. and Nelder, J.A.},
  journal={Journal of the Royal Statistical Society. Series B (Methodological)},
  pages={619--678},
  year={1996},
  publisher={JSTOR}
}

@article{meng1996simulating,
  title={{Simulating ratios of normalizing constants via a simple identity: A theoretical exploration}},
  author={Meng, X.L. and Wong, W.H.},
  journal={Statistica Sinica},
  volume={6},
  pages={831--860},
  year={1996}
}

@article{newton1996bayesian,
  title={Bayesian inference for semiparametric binary regression},
  author={Newton, M.A. and Czado, C. and Chappell, R.},
  journal={Journal of the American Statistical Association},
  pages={142--153},
  year={1996},
  publisher={JSTOR}
}

@article{czado1997selecting,
  title={On selecting parametric link transformation families in generalized linear models},
  author={Czado, C.},
  journal={Journal of statistical planning and inference},
  volume={61},
  number={1},
  pages={125--139},
  year={1997},
  publisher={Elsevier}
}

@article{fink1997compendium,
  title={{A compendium of conjugate priors}},
  author={Fink, D.},
  year={1997},
  publisher={Citeseer}
}

@article{gallant1997estimation,
  title={Estimation of stochastic volatility models with diagnostics},
  author={Gallant, A.R. and Hsieh, D. and Tauchen, G.},
  journal={Journal of Econometrics},
  volume={81},
  number={1},
  pages={159--192},
  year={1997},
  publisher={Elsevier}
}

@article{robins1997toward,
  title={{Toward a curse of dimensionality appropriate (CODA) asymptotic theory for semi-parametric models}},
  author={Robins, J.M. and YA'ACOV, R.},
  journal={Statistics in Medicine},
  volume={16},
  number={3},
  pages={285--319},
  year={1997},
  publisher={John Wiley \& Sons}
}

@article{sahu1997weibull,
  title={{A Weibull regression model with gamma frailties for multivariate survival data}},
  author={Sahu, S.K. and Dey, D.K. and Aslanidou, H. and Sinha, D.},
  journal={Lifetime data analysis},
  volume={3},
  number={2},
  pages={123--137},
  issn={1380-7870},
  year={1997},
  publisher={Springer}
}

@article{uhlig1997bayesian,
  title={{Bayesian vector autoregressions with stochastic volatility}},
  author={Uhlig, H.},
  journal={Econometrica: Journal of the Econometric Society},
  volume={65},
  number={1},
  pages={59--73},
  year={1997},
  publisher={JSTOR}
}

@article{welsh199713,
  title={13 Approaches to the robust estimation of mixed models},
  author={Welsh, AH and Richardson, AM},
  journal={Handbook of Statistics},
  volume={15},
  pages={343--384},
  year={1997},
  publisher={Elsevier}
}

@article{demos1998algorithm,
  title={{An EM algorithm for conditionally heteroscedastic factor models}},
  author={Demos, A. and Sentana, E.},
  journal={Journal of Business \& Economic Statistics},
  volume={16},
  number={3},
  pages={357--361},
  year={1998},
  publisher={JSTOR}
}

@article{dumas1998implied,
  title={Implied volatility functions: Empirical tests},
  author={Dumas, B. and Fleming, J. and Whaley, R.E.},
  journal={The Journal of Finance},
  volume={53},
  number={6},
  pages={2059--2106},
  year={1998},
  publisher={Wiley Online Library}
}

@article{fridman1998maximum,
  title={A maximum likelihood approach for non-Gaussian stochastic volatility models},
  author={Fridman, M. and Harris, L.},
  journal={Journal of Business \& Economic Statistics},
  pages={284--291},
  year={1998},
  publisher={JSTOR}
}

@article{kim1998stochastic,
  title={{Stochastic volatility: likelihood inference and comparison with ARCH models}},
  author={Kim, S. and Shepherd, N. and Chib, S.},
  journal={Review of Economic studies},
  volume={65},
  number={3},
  pages={361--393},
  year={1998},
  publisher={John Wiley \& Sons}
}

@article{barron1999consistency,
  title={{The consistency of posterior distributions in nonparametric problems}},
  author={Barron, A. and Schervish, M.J. and Wasserman, L.},
  journal={Annals of Statistics},
  volume={27},
  number={2},
  pages={536--561},
  year={1999},

  publisher={JSTOR}
}

@article{fernandez1999multivariate,
  title={Multivariate Student-t regression models: Pitfalls and inference},
  author={Fernandez, C. and Steel, M.F.J.},
  journal={Biometrika},
  volume={86},
  number={1},
  pages={153},
  year={1999},
  publisher={Biometrika Trust}
}

@article{hoeting1999bayesian,
  title={{Bayesian model averaging: a tutorial (with comments by M. Clyde, David Draper and EI George, and a rejoinder by the authors}},
  author={Hoeting, J.A. and Madigan, D. and Raftery, A.E. and Volinsky, C.T.},
  journal={Statistical science},
  volume={14},
  number={4},
  pages={382--417},
  year={1999},
  publisher={Institute of Mathematical Statistics}
}

@article{vidoni1999exponential,
  title={{Exponential family state space models based on a conjugate latent process}},
  author={Vidoni, P.},
  journal={Journal of the Royal Statistical Society: Series B (Statistical Methodology)},
  volume={61},
  number={1},
  pages={213--221},
  year={1999},
  publisher={John Wiley \& Sons}
}

@article{aguilar2000bayesian,
  title={{Bayesian dynamic factor models and portfolio allocation}},
  author={Aguilar, O. and West, M.},
  journal={Journal of Business \& Economic Statistics},
  volume={18},
  number={3},
  pages={338--357},
  year={2000},
  publisher={JSTOR}
}

@article{meyer2000bugs,
  title={{BUGS for a Bayesian analysis of stochastic volatility models}},
  author={Meyer, R. and Yu, J.},
  journal={Econometrics Journal},
  volume={3},
  number={2},
  pages={198--215},
  year={2000},
  publisher={John Wiley \& Sons}
}

@article{han2001markov,
  title={{Markov chain Monte Carlo methods for computing Bayes factors}},
  author={Han, C. and Carlin, B.P.},
  journal={Journal of the American Statistical Association},
  volume={96},
  number={455},
  pages={1122--1132},
  year={2001},
  publisher={ASA}
}

@article{pinheiro2001efficient,
  title={Efficient algorithms for robust estimation in linear mixed-effects models using the multivariate t distribution},
  author={Pinheiro, J.C. and Liu, C. and Wu, Y.N.},
  journal={Journal of Computational and Graphical Statistics},
  volume={10},
  number={2},
  pages={249--276},
  year={2001},
  publisher={ASA}
}

@article{burnham2002model,
  title={{Model selection and multimodel inference: a practical information-theoretic approach. Springer-Verlag}},
  author={Burnham, KP and Anderson, DR},
  journal={New York, New York, USA},
  year={2002}
}

@article{meyer2002predictive,
  title={{Predictive variable selection in generalized linear models}},
  author={Meyer, M.C. and Laud, P.W.},
  journal={Journal of the American Statistical Association},
  volume={97},
  number={459},
  pages={859--871},
  year={2002},
  publisher={ASA}
}

@article{meyer2002kullback,
  title={{Kullback-Leibler information measure for studying convergence rates of densities and distributions}},
  author={Meyer, ME and Gokhale, DV},
  journal={Information Theory, IEEE Transactions on},
  volume={39},
  number={4},
  pages={1401--1404},
  issn={0018-9448},
  year={2002},
  publisher={IEEE}
}

@article{sinharay2002sensitivity,
  title={{On the sensitivity of Bayes factors to the prior distributions}},
  author={Sinharay, S. and Stern, H.S.},
  journal={The American Statistician},
  volume={56},
  number={3},
  pages={196--201},
  year={2002},
  publisher={ASA}
}

@article{lopes-isba2003,
  title={{Factor Models: An Annotated Bibliography}},
  author={Lopes, H.},
  journal={The ISBA Bulletin},
  volume={10},
  number={2},
  pages={7--10},
  year={2003},
}

@article{yi2003stochastic,
  title={{Stochastic search variable selection for identifying multiple quantitative trait loci}},
  author={Yi, N. and George, V. and Allison, D.B.},
  journal={Genetics},
  volume={164},
  number={3},
  pages={1129},
  year={2003},
  publisher={Genetics Soc America}
}

@article{barbieri2004optimal,
  title={{Optimal predictive model selection}},
  author={Barbieri, M.M. and Berger, J.O.},
  journal={Annals of Statistics},
  volume={32},
  number={3},
  pages={870--897},
  year={2004},
  publisher={JSTOR}
}

@article{chu2004bayesian,
  title={{Bayesian Change-Point Analysis of Tropical Cyclone Activity: The Central North Pacific Case*}},
  author={Chu, P.S. and Zhao, X.},
  journal={Journal of Climate},
  volume={17},
  pages={4893--4901},
  year={2004}
}

@article{ferrari2004beta,
  title={{Beta regression for modelling rates and proportions}},
  author={Ferrari, S. and Cribari-Neto, F.},
  journal={Journal of Applied Statistics},
  volume={31},
  number={7},
  pages={799--815},
  year={2004},
  publisher={Taylor \& Francis}
}

@article{jacquier2004bayesian,
  title={Bayesian analysis of stochastic volatility models with fat-tails and correlated errors},
  author={Jacquier, E. and Polson, N.G. and Rossi, P.E.},
  journal={Journal of Econometrics},
  volume={122},
  number={1},
  pages={185--212},
  year={2004},
  publisher={Elsevier}
}

@article{lopes2004bayesian,
  title={{Bayesian model assessment in factor analysis}},
  author={Lopes, H.F. and West, M.},
  journal={Statistica Sinica},
  volume={14},
  number={1},
  pages={41--68},
  year={2004},
  publisher={Citeseer}
}

@article{sanchez2005very,
  title={{Very large fractional factorial and central composite designs}},
  author={Sanchez, S.M. and Sanchez, P.J.},
  journal={ACM Transactions on Modeling and Computer Simulation (TOMACS)},
  volume={15},
  number={4},
  pages={377},
  year={2005},
  publisher={ACM}
}

@article{yang2005imputation,
  title={{Imputation and variable selection in linear regression models with missing covariates}},
  author={Yang, X. and Belin, T.R. and Boscardin, W.J.},
  journal={Biometrics},
  volume={61},
  number={2},
  pages={498--506},
  year={2005},
  publisher={John Wiley \& Sons}
}

@article{yu2005leverage,
  title={{On leverage in a stochastic volatility model}},
  author={Yu, J.},
  journal={Journal of Econometrics},
  volume={127},
  number={2},
  pages={165--178},
  year={2005},
  publisher={Elsevier}
}

@article{czado2006choosing,
  title={{Choosing the link function and accounting for link uncertainty in generalized linear models using Bayes factors}},
  author={Czado, C. and Raftery, A.E.},
  journal={Statistical Papers},
  volume={47},
  number={3},
  pages={419--442},
  year={2006},
  publisher={Springer}
}

@article{rue2007approximate,
  title={{Approximate Bayesian inference for hierarchical Gaussian Markov random field models}},
  author={Rue, H.{\AA}. and Martino, S.},
  journal={Journal of statistical planning and inference},
  volume={137},
  number={10},
  pages={3177--3192},
  year={2007},
  publisher={Elsevier}
}

@article{fonseca2008objective,
  title={Objective Bayesian analysis for the Student-t regression model},
  author={Fonseca, T.C.O. and Ferreira, M.A.R. and Migon, H.S.},
  journal={Biometrika},
  volume={95},
  number={2},
  pages={325},
  year={2008},
  publisher={Biometrika Trust}
}

@article{martin2008stochastic,
  title={{Stochastic approximation and Newtons estimate of a mixing distribution}},
  author={Martin, R. and Ghosh, J.K.},
  journal={Statist. Sci},
  volume={23},
  number={3},
  pages={365--382},
  year={2008}
}

@article{gough2009gnu,
  title={{GNU Scientific Library Reference Manual}},
  author={Gough, B.},
  year={2009},
  publisher={Network Theory Ltd.}
}

@article{jones2009sinh,
  title={Sinh-arcsinh distributions},
  author={Jones, MC and Pewsey, A.},
  journal={Biometrika},
  volume={96},
  number={4},
  pages={761},
  year={2009},
  publisher={Biometrika Trust}
}

@article{lunn2009bugs,
  title={The BUGS project: Evolution, critique and future directions},
  author={Lunn, D. and Spiegelhalter, D. and Thomas, A. and Best, N.},
  journal={Statistics in medicine},
  volume={28},
  number={25},
  pages={3049--3067},
  year={2009},
  publisher={Wiley Online Library}
}

@article{martino2009implementing,
  title={{Implementing approximate Bayesian inference using Integrated Nested Laplace Approximation: A manual for the inla program}},
  author={Martino, S. and Rue, H. and NTNU, N.},
  journal={Department of Mathematical Sciences, NTNU, Norway},
  year={2009},
  publisher={Citeseer}
}

@article{opper2009variational,
  title={{The variational Gaussian approximation revisited}},
  author={Opper, M. and Archambeau, C.},
  journal={Neural computation},
  volume={21},
  number={3},
  pages={786--792},
  year={2009},
  publisher={MIT Press}
}

@article{rue2009approximate,
  title={{Approximate Bayesian inference for latent Gaussian models by using integrated nested Laplace approximations}},
  author={Rue, H. and Martino, S. and Chopin, N.},
  journal={Journal of the Royal Statistical Society: Series B(Statistical Methodology)},
  volume={71},
  number={2},
  pages={319--392},
  year={2009},
  publisher={Citeseer}
}

@article{carvalho2010particle,
  title={Particle learning and smoothing},
  author={Carvalho, C.M. and Johannes, M.S. and Lopes, H.F. and Polson, N.G.},
  journal={Statistical Science},
  volume={25},
  number={1},
  pages={88--106},
  year={2010},
  publisher={Institute of Mathematical Statistics}
}

@article{kyung2010estimation,
  title={Estimation in Dirichlet random effects models},
  author={Kyung, M. and Gill, J. and Casella, G.},
  journal={The Annals of Statistics},
  volume={38},
  number={2},
  pages={979--1009},
  year={2010},
  publisher={Institute of Mathematical Statistics}
}

@article{ormerodskew,
  title={{Skew-Normal Variational Approximations for Bayesian Inference}},
  author={ORMEROD, JT},
  year={2011}
}

@misc{gauss1810methode,
  title={{M{\'e}thode des Moindres Carr{\'e}s. M{\'e}moire sur la Combination des Observations}},
  author={Gauss, CF},
  year={1810},
  publisher={Transl. J. Bertrand (1955). Mallet-Bachelier, Paris}
}

@Manual{R2011,
    title = {R: A Language and Environment for Statistical Computing},
    author = {{R Development Core Team}},
    organization = {R Foundation for Statistical Computing},
    address = {Vienna, Austria},
    year = {2011},
    note = {{ISBN} 3-900051-07-0},
    url = {http://www.R-project.org/},
}

@Manual{nlme2011,
  title = {nlme: Linear and Nonlinear Mixed Effects Models},
  author = {Jose Pinheiro and Douglas Bates and Saikat DebRoy and
    Deepayan Sarkar and {R Development Core Team}},
  year = {2011},
  note = {R package version 3.1-102},
}
