@article{martinezminaya2023,
      title={A flexible Bayesian tool for CoDa mixed models: logistic-normal distribution with Dirichlet covariance}, 
      author={Joaquín Martínez-Minaya and Haavard Rue},
      year={2023},
      eprint={2308.13928},
      archivePrefix={arXiv},
      primaryClass={stat.ME}
}