@article{liu2022leave,
  title={Leave-Group-Out Cross-Validation For Latent Gaussian Models},
  author={Liu, Zhedong and Rue, Haavard},
  journal={arXiv preprint arXiv:2210.04482},
  year={2022}
}

@article{adin2023automatic,
  title={Automatic cross-validation in structured models: Is it time to leave out leave-one-out?},
  author={Adin, A and Krainski, E and Lenzi, A and Liu, Z and Mart{\'i}nez-Minaya, J and Rue, H},
  journal={arXiv preprint arXiv:2311.17100},
  year={2023}
}
