@article{baker,
  title={The multinomial-Poisson transformation},
  author={Baker, Stuart G},
  journal={The Statistician},
  pages={495--504},
  year={1994},
  publisher={JSTOR}
}


@article{inla,
  title={Approximate Bayesian inference for latent Gaussian models by using integrated nested Laplace approximations},
  author={Rue, H{\aa}vard and Martino, Sara and Chopin, Nicolas},
  journal={Journal of the royal statistical society: Series b (statistical methodology)},
  volume={71},
  number={2},
  pages={319--392},
  year={2009},
  publisher={Wiley Online Library}
}


@article{chen,
  title={A note on the estimation of the multinomial logit model with random effects},
  author={Chen, Zhen and Kuo, Lynn},
  journal={The American Statistician},
  volume={55},
  number={2},
  pages={89--95},
  year={2001},
  publisher={Taylor \& Francis}
}


@article{croissant,
  title={Estimation of multinomial logit models in R: The mlogit Packages},
  author={Croissant, Yves and others},
  journal={R package version 0.2-2. URL: http://cran. r-project. org/web/packages/mlogit/vignettes/mlogit. pdf},
  year={2012}
}


@Manual{mlogit,
    title = {mlogit: multinomial logit model},
    author = {Yves Croissant},
    year = {2013},
    note = {R package version 0.2-4},
    url = {https://CRAN.R-project.org/package=mlogit},
  }


@book{nnet,
  title={Modern applied statistics with S-PLUS},
  author={Venables, William N and Ripley, Brian D},
  year={2013},
  publisher={Springer Science \& Business Media}
}



@article{jain,
  title={A random-coefficients logit brand-choice model applied to panel data},
  author={ Janin, Dipak C and Vilcassim, Naufel J and Chintagunta, Pradeep K},
  journal={Journal of Business \& Economic Statistics},
  volume={12},
  number={3},
  pages={317--328},
  year={1994},
  publisher={Taylor \& Francis}
}



@article{explicit,
  title={An explicit link between Gaussian fields and Gaussian Markov random fields: the stochastic partial differential equation approach},
  author={Lindgren, Finn and Rue, H{\aa}vard and Lindstr{\"o}m, Johan},
  journal={Journal of the Royal Statistical Society: Series B (Statistical Methodology)},
  volume={73},
  number={4},
  pages={423--498},
  year={2011},
  publisher={Wiley Online Library}
}



@book{gmrf,
  title={Gaussian Markov random fields: theory and applications},
  author={Rue, Havard and Held, Leonhard},
  year={2005},
  publisher={CRC press}
}


@article{spde,
  title={The R-INLA tutorial on SPDE models Warning: work in progress... Suggestions to elias@ r-inla. org are welcome},
  author={Krainski, Elias T and Lindgren, Finn and Simpson, Daniel and Rue, Havard},
  year={2017}
}


 


@book{rinla,
  title={Spatial and spatio-temporal Bayesian models with R-INLA},
  author={Blangiardo, Marta and Cameletti, Michela},
  year={2015},
  publisher={John Wiley \& Sons}
}




@incollection{compgeom,
  title={Computational geometry},
  author={De Berg, Mark and Van Kreveld, Marc and Overmars, Mark and Schwarzkopf, Otfried Cheong},
  booktitle={Computational geometry},
  pages={1--17},
  year={2000},
  publisher={Springer}
}

@article{lee,
  title={On the" Poisson Trick" and its Extensions for Fitting Multinomial Regression Models},
  author={Lee, Jarod YL and Green, Peter J and Ryan, Louise M},
  journal={arXiv preprint arXiv:1707.08538},
  year={2017}
}


@article{richards,
  title={A method of maximum-likelihood estimation},
  author={Richards, Francis SG},
  journal={Journal of the Royal Statistical Society. Series B (Methodological)},
  pages={469--475},
  year={1961},
  publisher={JSTOR}
}



@Manual{deldir,
	title = {deldir: Delaunay Triangulation and Dirichlet (Voronoi) Tessellation},
	author = {Rolf Turner},
	year = {2017},
	note = {R package version 0.1-14},
	url = {https://CRAN.R-project.org/package=deldir},
}


@Article{sp,
    author = {Edzer J. Pebesma and Roger S. Bivand},
    title = {Classes and methods for spatial data in {R}},
    journal = {R News},
    year = {2005},
    volume = {5},
    number = {2},
    pages = {9--13},
    month = {November},
    url = {https://CRAN.R-project.org/doc/Rnews/},
  }



@Manual{gridextra,
    title = {gridExtra: Miscellaneous Functions for "Grid" Graphics},
    author = {Baptiste Auguie},
    year = {2017},
    note = {R package version 2.3},
    url = {https://CRAN.R-project.org/package=gridExtra},
  }

@Manual{rgeos,
	title = {rgeos: Interface to Geometry Engine - Open Source ('GEOS')},
	author = {Roger Bivand and Colin Rundel},
	year = {2017},	
	note = {R package version 0.3-26},
	url = {https://CRAN.R-project.org/package=rgeos},
}

@Book{mvtnorm,
	title = {Computation of Multivariate Normal and t Probabilities},
	author = {Alan Genz and Frank Bretz},
	series = {Lecture Notes in Statistics},
	year = {2009},
	publisher = {Springer-Verlag},
	address = {Heidelberg},
	isbn = {978-3-642-01688-2},
}


@article{besag,
  title={Spatial interaction and the statistical analysis of lattice systems},
  author={Besag, Julian},
  journal={Journal of the Royal Statistical Society. Series B (Methodological)},
  pages={192--236},
  year={1974},
  publisher={JSTOR}
}



