
@ARTICLE{sorbye13,
  author = {S. H. S{\o}rbye and H. Rue},
  title = {Scaling intrinsic {G}aussian {M}arkov random field priors in spatial modelling},
  journal = {Spatial Statistics},
  year = {2014},
  volume = {8},
  pages = {39--51},
  doi = {http://dx.doi.org/10.1016/j.spasta.2013.06.004}
}

@ARTICLE{papoila13,
  author = {A. L. Papoila and A. Riebler and A. Amaral-Turkman and R. S{\~a}o-Jo{\~a}o and C. Ribeiro and C. Geraldes and A. Miranda},
  title = {Stomach cancer incidence in {S}outhern {P}ortugal 1998-2006: a spatio-temporal analysis},
  journal = {Biometrical Journal},
  year = {2014},
  volume = {56},
  pages = {403 -415}
  }
  
  @BOOK{rueheld05,
  title = {Gaussian Markov Random Fields},
  publisher = {Chapman \& Hall/CRC, Boca Raton},
  year = {2005},
  author = {H. Rue and L. Held},
  owner = {cdm},
  timestamp = {2009.07.29}
}


@ARTICLE{akerkar10,
  author = {R. Akerkar and S. Martino and H. Rue},
  title = {Implementing approximate {B}ayesian inference for survival analysis using integrated nested {L}aplace approximations},
 journal = {Preprint Statistics, {N}orwegian {U}niversity of {S}cience and {T}echnology},
 year = {2010},
 volume = {1},  
 pages = {1--38}
}


