@article{whittle1954,
     jstor_articletype = {research-article},
     title = {On Stationary Processes in the Plane},
     author = {Whittle, P.},
     journal = {Biometrika},
     jstor_issuetitle = {},
     volume = {41},
     number = {3/4},
     jstor_formatteddate = {Dec., 1954},
     pages = {pp. 434-449},
     ALTurl = {http://www.jstor.org/stable/2332724},
     ISSN = {00063444},
     year = {1954},
     publisher = {Biometrika Trust},
     copyright = {Copyright Â© 1954 Biometrika Trust},
    }

@Article{geoRglm,
    title = {geoRglm - a package for generalised linear spatial
      models},
    author = {Christensen, O.F. and {Ribeiro Jr}, P. J.},
    journal = {R-NEWS},
    year = {2002},
    volume = {2},
    number = {2},
    pages = {26-28},
    note = {ISSN 1609-3631},
    ALTurl = {http://cran.R-project.org/doc/Rnews},
  }

@Article{rueMC2009,
  author = 	 {Rue, H. and Martino, S. and Chopin, N.},
  title = 	 {Approximate Bayesian Inference for Latent 
Gaussian Models Using Integrated Nested Laplace 
Approximations (with discussion)},
  journal = 	 {Journal of the Royal Statistical Society, Series B},
  year = 	 {2009},
  volume = 	 {71},
  number = 	 {2},
  pages = 	 {319-392}
}

@Article{lindgrenRL2011,
  author = 	 {Lindgren, F. and Rue, H. and Lindstr\"om, J.},
  title = 	 {An explicit link between Gaussian fields and
Gaussian Markov random fields: the stochastic
partial differential equation approach (with discussion)},
  journal = 	 {J. R. Statist. Soc. B},
  year = 	 {2011},
  volume = 	 {73},
  number = 	 {4},
  pages = 	 {423-498}
}

@Article{lindgrenR2015,
  author =       {Lindgren, F. and Rue, H.},
  title =        {Bayesian Spatial and Spatio-Temporal Modelling with {R-INLA}},
  journal =      {Journal of Statistical Software},
  year =         {2015},
  volume =       {63},
  number =       {19}
}

@Article{fuglstadetal2017,
  author = 	 {Fuglstad, {G.-A.} and Simpson, D. and Lindgren, F. and Rue, H.},
  title = 	 { Constructing Priors that Penalize the Complexity of Gaussian Random Fields}, 
  journal = 	 {JASA},
  year = 	 {2019},
  volume = 	 {114},
  number = 	 {525},
  pages = 	 {445--452}
}
